@misc{dogan2019finegrainednamedentityrecognition,
      title={Fine-Grained Named Entity Recognition using ELMo and Wikidata}, 
      author={Cihan Dogan and Aimore Dutra and Adam Gara and Alfredo Gemma and Lei Shi and Michael Sigamani and Ella Walters},
      year={2019},
      eprint={1904.10503},
      archivePrefix={arXiv},
      primaryClass={cs.IR},
      url={https://arxiv.org/abs/1904.10503}, 
}
